@inproceedings{langley00,
 author    = {P. Langley},
 title     = {Crafting Papers on Machine Learning},
 year      = {2000},
 pages     = {1207--1216},
 editor    = {Pat Langley},
 booktitle     = {Proceedings of the 17th International Conference
              on Machine Learning (ICML 2000)},
 address   = {Stanford, CA},
 publisher = {Morgan Kaufmann}
}

@TechReport{mitchell80,
  author = 	 "T. M. Mitchell",
  title = 	 "The Need for Biases in Learning Generalizations",
  institution =  "Computer Science Department, Rutgers University",
  year = 	 "1980",
  address =	 "New Brunswick, MA",
}

@phdthesis{kearns89,
  author = {M. J. Kearns},
  title =  {Computational Complexity of Machine Learning},
  school = {Department of Computer Science, Harvard University},
  year =   {1989}
}

@Book{MachineLearningI,
  editor = 	 "R. S. Michalski and J. G. Carbonell and T.
		  M. Mitchell",
  title = 	 "Machine Learning: An Artificial Intelligence
		  Approach, Vol. I",
  publisher = 	 "Tioga",
  year = 	 "1983",
  address =	 "Palo Alto, CA"
}

@Book{DudaHart2nd,
  author =       "R. O. Duda and P. E. Hart and D. G. Stork",
  title =        "Pattern Classification",
  publisher =    "John Wiley and Sons",
  edition =      "2nd",
  year =         "2000"
}

@misc{anonymous,
  title= {Suppressed for Anonymity},
  author= {Author, N. N.},
  year= {2011},
}

@InCollection{Newell81,
  author =       "A. Newell and P. S. Rosenbloom",
  title =        "Mechanisms of Skill Acquisition and the Law of
                  Practice", 
  booktitle =    "Cognitive Skills and Their Acquisition",
  pages =        "1--51",
  publisher =    "Lawrence Erlbaum Associates, Inc.",
  year =         "1981",
  editor =       "J. R. Anderson",
  chapter =      "1",
  address =      "Hillsdale, NJ"
}


@Article{Samuel59,
  author = 	 "A. L. Samuel",
  title = 	 "Some Studies in Machine Learning Using the Game of
		  Checkers",
  journal =	 "IBM Journal of Research and Development",
  year =	 "1959",
  volume =	 "3",
  number =	 "3",
  pages =	 "211--229"
}

@book{r√§dle2010neuronale,
  title={Neuronale Netze: eine Einf{\"u}hrung mit Programmbeispielen},
  author={R{\"a}dle, K.},
  isbn={9783868056266},
  url={https://books.google.co.uk/books?id=PzUi3plU7BMC},
  year={2010},
  publisher={Pro Business}
}

@misc{nielsen_1970, title={Neural Networks and Deep Learning}, url={http://neuralnetworksanddeeplearning.com/}, journal={Neural networks and deep learning}, publisher={Determination Press}, author={Nielsen, Michael A.}, year={1970}, month={Jan}} 

@ARTICLE{2012arXiv1202.2745C,
   author = {{Cire{\c s}an}, D. and {Meier}, U. and {Schmidhuber}, J.},
    title = "{Multi-column Deep Neural Networks for Image Classification}",
  journal = {ArXiv e-prints},
archivePrefix = "arXiv",
   eprint = {1202.2745},
 primaryClass = "cs.CV",
 keywords = {Computer Science - Computer Vision and Pattern Recognition, Computer Science - Artificial Intelligence},
     year = 2012,
    month = feb,
   adsurl = {http://adsabs.harvard.edu/abs/2012arXiv1202.2745C},
  adsnote = {Provided by the SAO/NASA Astrophysics Data System}
}


@misc{the_economist_2016, title={From not working to neural networking}, url={https://www.economist.com/news/special-report/21700756-artificial-intelligence-boom-based-old-idea-modern-twist-not}, author={Economist}, journal={The Economist}, publisher={The Economist Newspaper}, year={2016}, month={Jun}} 

@ARTICLE {lecun_1998,
    author  = "Y. {LeCun} and L. {Bottou} and Y. {Bengio} and P. {Haffner}",
    title   = "Gradient-based learning applied to document recognition",
    journal = "Proceedings of the IEEE",
    number  = "86(11):2278-2324"
}

@article{elu,
  author    = {Djork{-}Arn{\'{e}} Clevert and
               Thomas Unterthiner and
               Sepp Hochreiter},
  title     = {Fast and Accurate Deep Network Learning by Exponential Linear Units
               (ELUs)},
  journal   = {CoRR},
  volume    = {abs/1511.07289},
  year      = {2015},
  url       = {http://arxiv.org/abs/1511.07289},
  archivePrefix = {arXiv},
  eprint    = {1511.07289},
  timestamp = {Wed, 07 Jun 2017 14:40:17 +0200},
  biburl    = {http://dblp.org/rec/bib/journals/corr/ClevertUH15},
  bibsource = {dblp computer science bibliography, http://dblp.org}
}

@article{selu,
  author    = {G{\"{u}}nter Klambauer and
               Thomas Unterthiner and
               Andreas Mayr and
               Sepp Hochreiter},
  title     = {Self-Normalizing Neural Networks},
  journal   = {CoRR},
  volume    = {abs/1706.02515},
  year      = {2017},
  url       = {http://arxiv.org/abs/1706.02515},
  archivePrefix = {arXiv},
  eprint    = {1706.02515},
  timestamp = {Mon, 03 Jul 2017 13:29:02 +0200},
  biburl    = {http://dblp.org/rec/bib/journals/corr/KlambauerUMH17},
  bibsource = {dblp computer science bibliography, http://dblp.org}
}

@misc{intoli, title={Understanding Neural Network Weight Initialization}, url={https://intoli.com/blog/neural-network-initialization/}, journal={Intoli}} 

 @misc{andyljones_2015, title={An Explanation of Xavier Initialization}, url={http://andyljones.tumblr.com/post/110998971763/an-explanation-of-xavier-initialization}, journal={andy's blog}, author={Andyljones}, year={2015}, month={Feb}} 